<record><leader>00000cas a22000007a 4500</leader><controlfield tag="001">9311140</controlfield><controlfield tag="008">830315d18461858nyuwr ne      0    0eng d</controlfield><datafield ind1=" " ind2=" " tag="010"><subfield code="a">sn 83030086 </subfield></datafield><datafield ind1=" " ind2=" " tag="040"><subfield code="a">NPU</subfield><subfield code="b">eng</subfield><subfield code="c">NPU</subfield><subfield code="d">NPV</subfield><subfield code="d">NPU</subfield><subfield code="d">NPA</subfield><subfield code="d">PPM</subfield><subfield code="d">NYS</subfield><subfield code="d">DLC</subfield><subfield code="d">OCL</subfield><subfield code="d">OCLCG</subfield><subfield code="d">DLC</subfield><subfield code="d">UKMGB</subfield><subfield code="d">OCLCQ</subfield><subfield code="d">OCLCF</subfield><subfield code="d">OCLCO</subfield></datafield><datafield ind1="7" ind2=" " tag="016"><subfield code="a">013934236</subfield><subfield code="2">Uk</subfield></datafield><datafield ind1="1" ind2=" " tag="029"><subfield code="a">AU@</subfield><subfield code="b">000020125897</subfield></datafield><datafield ind1=" " ind2=" " tag="042"><subfield code="a">msc</subfield></datafield><datafield ind1=" " ind2=" " tag="043"><subfield code="a">n-us-ny</subfield></datafield><datafield ind1="0" ind2=" " tag="130"><subfield code="a">Flag of our Union (New York, N.Y.)</subfield></datafield><datafield ind1="1" ind2="4" tag="245"><subfield code="a">The flag of our Union.</subfield></datafield><datafield ind1=" " ind2=" " tag="260"><subfield code="a">New York :</subfield><subfield code="b">S. French</subfield></datafield><datafield ind1=" " ind2=" " tag="300"><subfield code="a">v. :</subfield><subfield code="b">ill. ;</subfield><subfield code="c">76 cm.</subfield></datafield><datafield ind1=" " ind2=" " tag="310"><subfield code="a">Weekly</subfield></datafield><datafield ind1="1" ind2=" " tag="362"><subfield code="a">Began in 1846.</subfield><subfield code="z">Cf. Fox, L.H. New York City newspapers.</subfield></datafield><datafield ind1="1" ind2=" " tag="362"><subfield code="a">Ceased in 1858?</subfield><subfield code="z">Cf. New York City direct., 1858-1859.</subfield></datafield><datafield ind1=" " ind2=" " tag="500"><subfield code="a">"A literary and miscellaneous family journal, containing news, wit, humor, and romance ... independent of party or sect."</subfield></datafield><datafield ind1=" " ind2=" " tag="500"><subfield code="a">Proprietor: Frederick Gleason.</subfield></datafield><datafield ind1=" " ind2=" " tag="500"><subfield code="a">Edited by Maturin M. Ballou, in Boston, Mass.</subfield></datafield><datafield ind1=" " ind2=" " tag="500"><subfield code="a">The publisher, S. French, acted as an agent for Frederick Gleason, proprietor of this publication as well as: Flag of our union (Boston, Mass.).</subfield></datafield><datafield ind1=" " ind2=" " tag="588"><subfield code="a">Description based on: Vol. 3, no. 9 (Feb. 26, 1848).</subfield></datafield><datafield ind1=" " ind2="0" tag="651"><subfield code="a">New York (N.Y.)</subfield><subfield code="v">Newspapers.</subfield></datafield><datafield ind1=" " ind2="7" tag="655"><subfield code="a">Newspapers.</subfield><subfield code="2">fast</subfield><subfield code="0">(OCoLC)fst01423814</subfield></datafield><datafield ind1=" " ind2="7" tag="651"><subfield code="a">New York (State)</subfield><subfield code="z">New York.</subfield><subfield code="2">fast</subfield><subfield code="0">(OCoLC)fst01204333</subfield></datafield><datafield ind1="1" ind2=" " tag="700"><subfield code="a">Ballou, Maturin Murray,</subfield><subfield code="d">1820-1895.</subfield></datafield><datafield ind1="1" ind2=" " tag="700"><subfield code="a">Gleason, Frederick,</subfield><subfield code="d">1816-1896.</subfield></datafield><datafield ind1=" " ind2=" " tag="752"><subfield code="a">United States</subfield><subfield code="b">New York</subfield><subfield code="c">New York</subfield><subfield code="d">New York.</subfield></datafield><datafield ind1="0" ind2=" " tag="775"><subfield code="t">Flag of our Union (Boston, Mass.)</subfield><subfield code="x">2160-7877</subfield><subfield code="w">(DLC)sn 85036056</subfield><subfield code="w">(OCoLC)1303775</subfield></datafield></record>